<record><leader>00000cas a22000007a 4500</leader><controlfield tag="001">22865034</controlfield><controlfield tag="008">901217d18781972iluwr ne      0    0eng d</controlfield><datafield ind1=" " ind2=" " tag="010"><subfield code="a">sn 90054854 </subfield></datafield><datafield ind1=" " ind2=" " tag="040"><subfield code="a">NVF</subfield><subfield code="b">eng</subfield><subfield code="c">NVF</subfield><subfield code="d">OCLCQ</subfield><subfield code="d">NVF</subfield><subfield code="d">OCLCQ</subfield></datafield><datafield ind1=" " ind2=" " tag="042"><subfield code="a">msc</subfield></datafield><datafield ind1=" " ind2=" " tag="043"><subfield code="a">n-us-il</subfield></datafield><datafield ind1="0" ind2=" " tag="130"><subfield code="a">Windsor gazette (Windsor, Ill.)</subfield></datafield><datafield ind1="1" ind2="4" tag="245"><subfield code="a">The Windsor gazette.</subfield></datafield><datafield ind1="1" ind2=" " tag="246"><subfield code="i">Published as:</subfield><subfield code="a">Windsor semi-weekly gazette</subfield><subfield code="f">Jan. 7-July 17, 1936</subfield></datafield><datafield ind1=" " ind2=" " tag="260"><subfield code="a">Windsor, Ill. :</subfield><subfield code="b">J.L. Warden,</subfield><subfield code="c">1878-1972.</subfield></datafield><datafield ind1=" " ind2=" " tag="300"><subfield code="a">v.</subfield></datafield><datafield ind1=" " ind2=" " tag="310"><subfield code="a">Weekly,</subfield><subfield code="b">July 23, 1936-1972</subfield></datafield><datafield ind1=" " ind2=" " tag="321"><subfield code="a">Weekly,</subfield><subfield code="b">&lt;June 12, 1879&gt;-Sept. 28, 1922</subfield></datafield><datafield ind1=" " ind2=" " tag="321"><subfield code="a">Semiweekly,</subfield><subfield code="b">Oct. 3, 1922-July 17, 1936</subfield></datafield><datafield ind1="1" ind2=" " tag="362"><subfield code="a">Began in 1878.</subfield></datafield><datafield ind1="0" ind2=" " tag="362"><subfield code="a">-v. 95, no. 30 (July 27, 1972).</subfield></datafield><datafield ind1=" " ind2=" " tag="580"><subfield code="a">Absorbed: Strasburg gazette.</subfield></datafield><datafield ind1=" " ind2=" " tag="588"><subfield code="a">Description based on: Vol. 2, no. 11 (May 29, 1879).</subfield></datafield><datafield ind1=" " ind2="4" tag="651"><subfield code="a">Windsor (Ill.)</subfield><subfield code="v">Newspapers.</subfield></datafield><datafield ind1=" " ind2=" " tag="752"><subfield code="a">United States</subfield><subfield code="b">Illinois</subfield><subfield code="c">Shelby</subfield><subfield code="d">Windsor.</subfield></datafield><datafield ind1="1" ind2="5" tag="780"><subfield code="t">Strasburg gazette</subfield><subfield code="w">(DLC)sn 90054853</subfield><subfield code="w">(OCoLC)22857947</subfield></datafield><datafield ind1="0" ind2="0" tag="785"><subfield code="t">Shelby County news-gazette</subfield><subfield code="w">(DLC)sn 90054852</subfield><subfield code="w">(OCoLC)22857896</subfield></datafield><datafield ind1="1" ind2=" " tag="029"><subfield code="a">AU@</subfield><subfield code="b">000025865989</subfield></datafield></record>